<?xml version="1.0" encoding="UTF-8"?><collection xmlns="http://www.loc.gov/MARC21/slim"><record><leader>00381nam--2200133-i-4500</leader><controlfield tag="001">000020357</controlfield><controlfield tag="002">20161230</controlfield><controlfield tag="005">20161230201033</controlfield><controlfield tag="008">060222s1000------------r-----000-0-eng-d</controlfield><datafield ind1=" " ind2=" " tag="080"><subfield code="a">539.143.43(043)</subfield></datafield><datafield ind1=" " ind2=" " tag="100"><subfield code="a">El Hajjaji, Ottman</subfield></datafield><datafield ind1=" " ind2=" " tag="245"><subfield code="a">Moments nucleaires de noyaux proches de la sphericite.these</subfield></datafield><datafield ind1=" " ind2=" " tag="260"><subfield code="a">Lyon, L Universite Claude Bernard, 1987. /Pag.Dif.</subfield></datafield><datafield ind1=" " ind2=" " tag="852"><subfield code="a">23853</subfield></datafield></record></collection>